<record><leader>00000cas a22000007a 4500</leader><controlfield tag="001">14056543</controlfield><controlfield tag="008">860807d19051918mtuwr ne      0    0eng d</controlfield><datafield ind1=" " ind2=" " tag="010"><subfield code="a">sn 86075281 </subfield></datafield><datafield ind1=" " ind2=" " tag="040"><subfield code="a">MTL</subfield><subfield code="b">eng</subfield><subfield code="c">MTL</subfield><subfield code="d">OCLCQ</subfield></datafield><datafield ind1=" " ind2=" " tag="042"><subfield code="a">msc</subfield></datafield><datafield ind1="0" ind2=" " tag="130"><subfield code="a">Sanders County ledger (Thompson Falls, Mont. : 1905)</subfield></datafield><datafield ind1="1" ind2="4" tag="245"><subfield code="a">The Sanders County ledger.</subfield></datafield><datafield ind1=" " ind2=" " tag="260"><subfield code="a">Thompson Falls, Mont. :</subfield><subfield code="b">J.T. Spencer,</subfield><subfield code="c">1905-1918.</subfield></datafield><datafield ind1=" " ind2=" " tag="300"><subfield code="a">13 v. :</subfield><subfield code="b">ill.</subfield></datafield><datafield ind1=" " ind2=" " tag="310"><subfield code="a">Weekly</subfield></datafield><datafield ind1="0" ind2=" " tag="362"><subfield code="a">Vol. 1, no. 1 (Feb. 24, 1905)-13th year, no. 47 (Jan. 10, 1918).</subfield></datafield><datafield ind1=" " ind2=" " tag="580"><subfield code="a">Merged with: Independent-enterprise (Thompson Falls, Mont.) [non-extant], to form: Sanders County independent-ledger.</subfield></datafield><datafield ind1=" " ind2=" " tag="752"><subfield code="a">United States</subfield><subfield code="b">Montana</subfield><subfield code="c">Sanders</subfield><subfield code="d">Thompson Falls.</subfield></datafield><datafield ind1="1" ind2="7" tag="785"><subfield code="t">Independent-enterprise (Thompson Falls, Mont.) [non-extant]</subfield></datafield><datafield ind1="1" ind2="7" tag="785"><subfield code="t">Sanders County independent-ledger</subfield><subfield code="w">(DLC)sn 86075282</subfield></datafield></record>